@misc{data,
author = "Daniela Maiullari and Clara Garcia Sanchez",
title = "{Measured Climate Data in Rijsenhout}",
year = "2020",
month = "8",
url = "https://data.4tu.nl/articles/dataset/Measured\_Climate\_Data\_in\_Rijsenhout/12833918",
doi = "10.4121/12833918.v1"
}